@article{lab_man, 
    title={EXPERIMENT 2 Electrical Measurements},
    url="ftp://ftp.eng.auburn.edu/pub/irwinjd/lab_manuals/Lab 2_Electrical Measurements_Breadboarding, NI ELVIS, etc.pdf",
    publisher={Auburn University Department of Electrical and Computer Engineering}, 
    author={Elizabeth Devore, Joel Killngsworth, Brandon Eidson},
    year={2016}, 
    month={5}
}